<?xml version="1.0" encoding="UTF-8"?>
<OAI-PMH xmlns="http://www.openarchives.org/OAI/2.0/" xmlns:xsi="http://www.w3.org/2001/XMLSchema-instance" xsi:schemaLocation="http://www.openarchives.org/OAI/2.0/ http://www.openarchives.org/OAI/2.0/OAI-PMH.xsd">
  <ListRecords>
    <record>
      <header>
        <identifier>aleph-publish:015602774</identifier>
      </header>
      <metadata>
        <record xmlns="http://www.ddb.de/professionell/mabxml/mabxml-1.xsd">
          <leader>------M2.01200024------h</leader>
          <controlfield tag="LDR">------M2.01200024------h</controlfield>
          <controlfield tag="FMT">MH</controlfield>
          <datafield tag="001" ind1="-" ind2="1">
            <subfield code="a">HT015011399</subfield>
          </datafield>
          <datafield tag="002" ind1="a" ind2="1">
            <subfield code="a">20070307</subfield>
          </datafield>
          <controlfield tag="030">a|1uc||||||37</controlfield>
          <datafield tag="036" ind1="a" ind2="1">
            <subfield code="a">DE</subfield>
          </datafield>
          <datafield tag="037" ind1="b" ind2="1">
            <subfield code="a">ger</subfield>
          </datafield>
          <controlfield tag="050">||||||||g|||||</controlfield>
          <controlfield tag="051">my||||||</controlfield>
          <datafield tag="070" ind1="-" ind2="1">
            <subfield code="a">290</subfield>
          </datafield>
          <datafield tag="078" ind1="d" ind2="1">
            <subfield code="a">lzDiss</subfield>
          </datafield>
          <datafield tag="078" ind1="i" ind2="1">
            <subfield code="a">iall</subfield>
            <subfield code="a">OA</subfield>
          </datafield>
          <datafield tag="080" ind1="-" ind2="1">
            <subfield code="a">60</subfield>
          </datafield>
          <datafield tag="100" ind1="b" ind2="1">
            <subfield code="p">Itzen, Aymelt</subfield>
            <subfield code="9">(DE-588)1023557622</subfield>
          </datafield>
          <datafield tag="331" ind1="-" ind2="1">
            <subfield code="a">Strukturelle und biochemische Einblicke in Mechanismen des Nukleotidaustauschs von Rab-Proteinen</subfield>
          </datafield>
          <datafield tag="334" ind1="-" ind2="1">
            <subfield code="a">Elektronische Ressource</subfield>
          </datafield>
          <datafield tag="359" ind1="-" ind2="1">
            <subfield code="a">vorgelegt von Aymelt Itzen</subfield>
          </datafield>
          <datafield tag="425" ind1="a" ind2="1">
            <subfield code="a">2006</subfield>
          </datafield>
          <datafield tag="519" ind1="-" ind2="1">
            <subfield code="a">Dortmund, Univ., Diss., 2007</subfield>
          </datafield>
          <datafield tag="527" ind1="-" ind2="1">
            <subfield code="p">Druckausg. u.d.T.</subfield>
            <subfield code="a">Strukturelle und biochemische Einblicke in Mechanismen des Nukleotidaustauschs von Rab-Proteinen</subfield>
          </datafield>
          <datafield tag="586" ind1="0" ind2="1">
            <subfield code="a">Open Access</subfield>
            <subfield code="f">Unrestricted online access</subfield>
            <subfield code="2">star</subfield>
          </datafield>
          <datafield tag="652" ind1="a" ind2="1">
            <subfield code="a">Online-Ressource</subfield>
          </datafield>
          <datafield tag="655" ind1="e" ind2="1">
            <subfield code="u">http://hdl.handle.net/2003/23542</subfield>
            <subfield code="x">Verlag</subfield>
          </datafield>
          <datafield tag="655" ind1="e" ind2="1">
            <subfield code="x">Langzeitarchivierung Nationalbibliothek</subfield>
          </datafield>
          <datafield tag="673" ind1="c" ind2="1">
            <subfield code="a">Dortmund</subfield>
            <subfield code="9">2009030-4</subfield>
          </datafield>
          <controlfield tag="SYS">015602774</controlfield>
          <datafield tag="088" ind1=" " ind2=" ">
            <subfield code="a">290/ET</subfield>
          </datafield>
        </record>
      </metadata>
    </record>
  </ListRecords>
</OAI-PMH>
